@article{mayor1995jupiter,
  title={A Jupiter-mass companion to a solar-type star},
  author={Mayor, Michel and Queloz, Didier},
  journal={Nature},
  volume={378},
  number={6555},
  pages={355},
  year={1995},
  publisher={Nature Publishing Group}
}

@article{Marcy_1996,
	doi = {10.1086/310096},
	year = 1996,
	month = {jun},
	publisher = {{IOP} Publishing},
	volume = {464},
	number = {2},
	pages = {L147--L151},
	author = {Geoffrey W. Marcy and R. Paul Butler},
	title = {A Planetary Companion to 70 Virginis},
	journal = {The Astrophysical Journal},
	abstract = {An extremely low mass companion to the solar-type star 70 Virginis is inferred from the observed periodic Doppler reflex motion of the primary during 8 yr. The minimum mass (M2 sin i) of 70 Vir “B” is 6.6 Jovian masses (MJ), which falls in the mass range associated with “extrasolar giant planets” (0.3-15 MJ). An orbital fit to the velocities yields a period P = 116.6 days, an amplitude K = 318 m s-1, and an eccentricity e = 0.40. The residuals to the fit scatter by 8 m s-1, consistent with the errors. Thus 70 Vir B and 51 Peg B represent the first planets found outside our solar system. Alternatively, the probability that 70 Vir B is an orbiting brown dwarf of mass M > 40 MJ is ~1%, requiring an extreme (face-on) orbital inclination of i < 9°. With a likely mass of 6.6-9 MJ, 70 Vir B lies in the nebulously defined domain between solar system planets and brown dwarfs. Its effective temperature is computed to be ~90°C. The formation of such giant planets in eccentric orbits is not explained by current theory.}
}

@article{butler1996planet,
  title={A planet orbiting 47 Ursae Majoris},
  author={Butler, R Paul and Marcy, Geoffrey W},
  journal={The Astrophysical Journal Letters},
  volume={464},
  number={2},
  pages={L153},
  year={1996},
  publisher={IOP Publishing}
}

@article{hatzes2003planetary,
  title={A planetary companion to $\gamma$ Cephei A},
  author={Hatzes, Artie P and Cochran, William D and Endl, Michael and McArthur, Barbara and Paulson, Diane B and Walker, Gordon AH and Campbell, Bruce and Yang, Stephenson},
  journal={The Astrophysical Journal},
  volume={599},
  number={2},
  pages={1383},
  year={2003},
  publisher={IOP Publishing}
}
@article{walker2012first,
  title={The first high-precision radial velocity search for extra-solar planets},
  author={Walker, Gordon AH},
  journal={New Astronomy Reviews},
  volume={56},
  number={1},
  pages={9--15},
  year={2012},
  publisher={Elsevier}
}

@article{charbonneau1999detection,
  title={Detection of planetary transits across a sun-like star},
  author={Charbonneau, David and Brown, Timothy M and Latham, David W and Mayor, Michel},
  journal={The Astrophysical Journal Letters},
  volume={529},
  number={1},
  pages={L45},
  year={1999},
  publisher={IOP Publishing}
}
@article{vogt2000six,
  title={Six new planets from the Keck precision velocity survey},
  author={Vogt, Steven S and Marcy, Geoffrey W and Butler, R Paul and Apps, Kevin},
  journal={The Astrophysical Journal},
  volume={536},
  number={2},
  pages={902},
  year={2000},
  publisher={IOP Publishing}
}
@inproceedings{marcy1999three,
  title={Three Jupiter-Mass Companions Orbiting Upsilon Andromedae},
  author={Marcy, GW and Butler, RP and Fischer, DA},
  booktitle={Bulletin of the American Astronomical Society},
  volume={31},
  pages={847},
  year={1999}
}

@article{keppler2018discovery,
  title={Discovery of a planetary-mass companion within the gap of the transition disk around PDS 70},
  author={Keppler, Miriam and Benisty, Myriam and M{\"u}ller, Andr{\'e} and Henning, Th and Van Boekel, R and Cantalloube, F and Ginski, C and Van Holstein, RG and Maire, A-L and Pohl, A and others},
  journal={Astronomy \& Astrophysics},
  volume={617},
  pages={A44},
  year={2018},
  publisher={EDP Sciences}
}
@inproceedings{lehner2018status,
  title={Status of the Transneptunian Automated occultation survey (TAOS II)},
  author={Lehner, Matthew J and Wang, Shiang-Yu and Reyes-Ru{\'\i}z, Mauricio and Zhang, Zhi-Wei and Figueroa, Liliana and Huang, Chung-Kai and Yen, Wei-Ling and Alcock, Charles and Santana, Fernando Alvarez and Castro-Chac{\'o}n, Joel and others},
  booktitle={Ground-based and Airborne Telescopes VII},
  volume={10700},
  pages={107004V},
  year={2018},
  organization={International Society for Optics and Photonics}
}
@article{luu2002kuiper,
  title={Kuiper Belt Objects: Relics from the accretion disk of the Sun},
  author={Luu, Jane X and Jewitt, David C},
  journal={Annual Review of Astronomy and Astrophysics},
  volume={40},
  number={1},
  pages={63--101},
  year={2002},
  publisher={Annual Reviews 4139 El Camino Way, PO Box 10139, Palo Alto, CA 94303-0139, USA}
}
@article{zhang2008first,
  title={First Results from the Taiwanese-American Occultation Survey (TAOS)},
  author={Zhang, Z-W and Bianco, FB and Lehner, MJ and Coehlo, NK and Wang, J-H and Mondal, S and Alcock, C and Axelrod, T and Byun, Y-I and Chen, WP and others},
  journal={The Astrophysical Journal Letters},
  volume={685},
  number={2},
  pages={L157},
  year={2008},
  publisher={IOP Publishing}
}
@inproceedings{lehner2016status,
  title={Status of the Transneptunian Automated Occultation Survey (TAOS II)},
  author={Lehner, Matthew J and Wang, Shiang-Yu and Reyes-Ruiz, Mauricio and Alcock, Charles and Castro, Joel and Chen, Wen-Ping and Chu, You-Hua and Cook, Kem H and Figueroa, Liliana and Geary, John C and others},
  booktitle={Ground-based and Airborne Telescopes VI},
  volume={9906},
  pages={99065M},
  year={2016},
  organization={International Society for Optics and Photonics}
}
@article{aigrain2007corot,
  title={The CoRoT exoplanet programme: exploring the gas-giant/terrestrial planet transition},
  author={Aigrain, Suzanne and Barge, P and Deleuil, M and Fressin, F and Moutou, C and Queloz, D and Auvergne, M and Baglin, A and others},
  journal={arXiv preprint astro-ph/0702062},
  year={2007}
}
@article{barge2007corot,
  title={CoRoT: pioneer space mission for exoplanet transit search},
  author={Barge, Pierre and Baglin, Annie and Auvergne, Michel and others},
  journal={Proceedings of the International Astronomical Union},
  volume={3},
  number={S249},
  pages={3--16},
  year={2007},
  publisher={Cambridge University Press}
}
@article{barge2008transiting,
  title={Transiting exoplanets from the CoRoT space mission-I. CoRoT-Exo-1b: a low-density short-period planet around a G0V star},
  author={Barge, P and Baglin, A and Auvergne, M and Rauer, H and L{\'e}ger, A and Schneider, Jodi and Pont, F and Aigrain, Suzanne and Almenara, J-M and Alonso, R and others},
  journal={Astronomy \& Astrophysics},
  volume={482},
  number={3},
  pages={L17--L20},
  year={2008},
  publisher={EDP Sciences}
}
@article{moutou2013corot,
  title={CoRoT: Harvest of the exoplanet program},
  author={Moutou, Claire and Deleuil, Magali and Guillot, Tristan and Baglin, Annie and Bord{\'e}, Pascal and Bouchy, Francois and Cabrera, Juan and Csizmadia, Szil{\'a}rd and Deeg, Hans J and others},
  journal={Icarus},
  volume={226},
  number={2},
  pages={1625--1634},
  year={2013},
  publisher={Elsevier}
}
@article{leger2009transiting,
  title={Transiting exoplanets from the CoRoT space mission-VIII. CoRoT-7b: the first super-Earth with measured radius},
  author={L{\'e}ger, A and Rouan, D and Schneider, Jodi and Barge, P and Fridlund, M and Samuel, B and Ollivier, M and Guenther, E and Deleuil, M and Deeg, HJ and others},
  journal={Astronomy \& Astrophysics},
  volume={506},
  number={1},
  pages={287--302},
  year={2009},
  publisher={EDP Sciences}
}
@article{bakos2002system,
  title={System description and first light curves of the Hungarian automated telescope, an autonomous observatory for variability search},
  author={Bakos, G{\'A} and Lazar, Jozsef and Papp, Istvan and Sari, Pal and Green, Elizabeth M},
  journal={Publications of the Astronomical Society of the Pacific},
  volume={114},
  number={799},
  pages={974},
  year={2002},
  publisher={IOP Publishing}
}
@article{bakos2013hatsouth,
  title={HATSouth: a global network of fully automated identical wide-field telescopes},
  author={Bakos, G{\'A} and Csubry, Zoltan and Penev, K and Bayliss, Daniel and Jord{\'a}n, A and Afonso, C and Hartman, Joel D and Henning, Th and Kov{\'a}cs, G and Noyes, Robert W and others},
  journal={Publications of the Astronomical Society of the Pacific},
  volume={125},
  number={924},
  pages={154},
  year={2013},
  publisher={IOP Publishing}
}
@article{bakos2004wide,
  title={Wide-Field Millimagnitude Photometry with the HAT: A Tool for Extrasolar Planet Detection},
  author={Bakos, Gaspar and Noyes, RW and Kov{\'a}cs, G and Stanek, KZ and Sasselov, DD and Domsa, Istv{\'a}n},
  journal={Publications of the Astronomical Society of the Pacific},
  volume={116},
  number={817},
  pages={266},
  year={2004},
  publisher={IOP Publishing}
}
@article{bakos2018hats,
  title={HATS-71b: A giant planet transiting an M3 dwarf star in TESS Sector 1},
  author={Bakos, G{\'A} and Bayliss, D and Bento, J and Bhatti, W and Brahm, R and Csubry, Z and Espinoza, N and Hartman, JD and Henning, Th and Jord{\'a}n, A and others},
  journal={arXiv preprint arXiv:1812.09406},
  year={2018}
}
@article{pollacco2006wasp,
  title={The WASP project and the SuperWASP cameras},
  author={Pollacco, Don L and Skillen, I and Cameron, A Collier and Christian, Damian J and Hellier, C and Irwin, J and Lister, TA and Street, RA and West, Richard G and Anderson, D and others},
  journal={Publications of the Astronomical Society of the Pacific},
  volume={118},
  number={848},
  pages={1407},
  year={2006},
  publisher={IOP Publishing}
}
@article{cameron2007wasp,
  title={WASP-1b and WASP-2b: two new transiting exoplanets detected with SuperWASP and SOPHIE},
  author={Cameron, A Collier and Bouchy, F and H{\'e}brard, G and Maxted, P and Pollacco, D and Pont, F and Skillen, I and Smalley, B and Street, RA and West, RG and others},
  journal={Monthly Notices of the Royal Astronomical Society},
  volume={375},
  number={3},
  pages={951--957},
  year={2007},
  publisher={Blackwell Publishing Ltd Oxford, UK}
}
@article{kovacs2002box,
  title={A box-fitting algorithm in the search for periodic transits},
  author={Kov{\'a}cs, Geza and Zucker, Shay and Mazeh, Tsevi},
  journal={Astronomy \& Astrophysics},
  volume={391},
  number={1},
  pages={369--377},
  year={2002},
  publisher={EDP Sciences}
}
@article{collier2006fast,
  title={A fast hybrid algorithm for exoplanetary transit searches},
  author={Collier Cameron, A and Pollacco, D and Street, RA and Lister, TA and West, RG and Wilson, DM and Pont, F and Christian, DJ and Clarkson, WI and Enoch, B and others},
  journal={Monthly Notices of the Royal Astronomical Society},
  volume={373},
  number={2},
  pages={799--810},
  year={2006},
  publisher={Blackwell Publishing Ltd Oxford, UK}
}
@article{borucki2010kepler,
  title={Kepler planet-detection mission: introduction and first results},
  author={Borucki, William J and Koch, David and Basri, Gibor and Batalha, Natalie and Brown, Timothy and Caldwell, Douglas and Caldwell, John and Christensen-Dalsgaard, J{\o}rgen and Cochran, William D and DeVore, Edna and others},
  journal={Science},
  volume={327},
  number={5968},
  pages={977--980},
  year={2010},
  publisher={American Association for the Advancement of Science}
}
@article{borucki2012kepler,
  title={Kepler-22b: A 2.4 Earth-radius planet in the habitable zone of a Sun-like star},
  author={Borucki, William J and Koch, David G and Batalha, Natalie and Bryson, Stephen T and Rowe, Jason and Fressin, Francois and Torres, Guillermo and Caldwell, Douglas A and Christensen-Dalsgaard, J{\o}rgen and Cochran, William D and others},
  journal={The Astrophysical Journal},
  volume={745},
  number={2},
  pages={120},
  year={2012},
  publisher={IOP Publishing}
}
@article{jenkins2010overview,
  title={Overview of the Kepler science processing pipeline},
  author={Jenkins, Jon M and Caldwell, Douglas A and Chandrasekaran, Hema and Twicken, Joseph D and Bryson, Stephen T and Quintana, Elisa V and Clarke, Bruce D and Li, Jie and Allen, Christopher and Tenenbaum, Peter and others},
  journal={The Astrophysical Journal Letters},
  volume={713},
  number={2},
  pages={L87},
  year={2010},
  publisher={IOP Publishing}
}
@inproceedings{jenkins2010transiting,
  title={Transiting planet search in the Kepler pipeline},
  author={Jenkins, Jon M and Chandrasekaran, Hema and McCauliff, Sean D and Caldwell, Douglas A and Tenenbaum, Peter and Li, Jie and Klaus, Todd C and Cote, Miles T and Middour, Christopher},
  booktitle={Software and Cyberinfrastructure for Astronomy},
  volume={7740},
  pages={77400D},
  year={2010},
  organization={International Society for Optics and Photonics}
}
@article{charpinet2011compact,
  title={A compact system of small planets around a former red-giant star},
  author={Charpinet, St{\'e}phane and Fontaine, Gilles and Brassard, Pierre and Green, Elizabeth M and Van Grootel, Val{\'e}rie and Randall, Suzanna K and Silvotti, Roberto and Baran, AS and {\O}stensen, RH and Kawaler, Steve D and others},
  journal={Nature},
  volume={480},
  number={7378},
  pages={496},
  year={2011},
  publisher={Nature Publishing Group}
}
@article{orosz2012kepler,
  title={Kepler-47: a transiting circumbinary multiplanet system},
  author={Orosz, Jerome A and Welsh, William F and Carter, Joshua A and Fabrycky, Daniel C and Cochran, William D and Endl, Michael and Ford, Eric B and Haghighipour, Nader and MacQueen, Phillip J and Mazeh, Tsevi and others},
  journal={Science},
  volume={337},
  number={6101},
  pages={1511--1514},
  year={2012},
  publisher={American Association for the Advancement of Science}
}
@article{shallue2018identifying,
  title={Identifying exoplanets with deep learning: A five-planet resonant chain around kepler-80 and an eighth planet around kepler-90},
  author={Shallue, Christopher J and Vanderburg, Andrew},
  journal={The Astronomical Journal},
  volume={155},
  number={2},
  pages={94},
  year={2018},
  publisher={IOP Publishing}
}
@article{ricker2014transiting,
  title={Transiting exoplanet survey satellite},
  author={Ricker, George R and Winn, Joshua N and Vanderspek, Roland and Latham, David W and Bakos, G{\'a}sp{\'a}r {\'A} and Bean, Jacob L and Berta-Thompson, Zachory K and Brown, Timothy M and Buchhave, Lars and Butler, Nathaniel R and others},
  journal={Journal of Astronomical Telescopes, Instruments, and Systems},
  volume={1},
  number={1},
  pages={014003},
  year={2014},
  publisher={International Society for Optics and Photonics}
}
@article{schliegel2017tess,
  title={TESS Observatory Guide, version 1.1},
  author={Schliegel, J},
  journal={TESS Guest Investigator Program: TESS Observatory Guide, Version 1.1 (June 30, 2017). TESS Science Support Center, NASA Goddard Space Flight Center, Greenbelt, MD.},
  year={2017}
}
@article{sullivan2015transiting,
  title={The Transiting Exoplanet Survey Satellite: simulations of planet detections and astrophysical false positives},
  author={Sullivan, Peter W and Winn, Joshua N and Berta-Thompson, Zachory K and Charbonneau, David and Deming, Drake and Dressing, Courtney D and Latham, David W and Levine, Alan M and McCullough, Peter R and Morton, Timothy and others},
  journal={The Astrophysical Journal},
  volume={809},
  number={1},
  pages={77},
  year={2015},
  publisher={IOP Publishing}
}
@article{gilbert2020first,
  title={The First Habitable Zone Earth-sized Planet from TESS. I: Validation of the TOI-700 System},
  author={Gilbert, Emily A and Barclay, Thomas and Schlieder, Joshua E and Quintana, Elisa V and Hord, Benjamin J and Kostov, Veselin B and Lopez, Eric D and Rowe, Jason F and Hoffman, Kelsey and Walkowicz, Lucianne M and others},
  journal={arXiv preprint arXiv:2001.00952},
  year={2020}
}
@book{allen2001allen,
  title={Allen's astrophysical quantities},
  author={Allen, Clabon Walter and Cox, Arthur N},
  year={2001},
  publisher={Springer Science \& Business Media}
}
@article{winn2010transits,
  title={Transits and occultations},
  author={Winn, Joshua N},
  journal={arXiv preprint arXiv:1001.2010},
  year={2010}
}
@article{mandel2002analytic,
  title={Analytic light curves for planetary transit searches},
  author={Mandel, Kaisey and Agol, Eric},
  journal={The Astrophysical Journal Letters},
  volume={580},
  number={2},
  pages={L171},
  year={2002},
  publisher={IOP Publishing}
}
@article{fressin2013false,
  title={The false positive rate of Kepler and the occurrence of planets},
  author={Fressin, Fran{\c{c}}ois and Torres, Guillermo and Charbonneau, David and Bryson, Stephen T and Christiansen, Jessie and Dressing, Courtney D and Jenkins, Jon M and Walkowicz, Lucianne M and Batalha, Natalie M},
  journal={The Astrophysical Journal},
  volume={766},
  number={2},
  pages={81},
  year={2013},
  publisher={IOP Publishing}
}
@article{bryson2017kepler,
  title={Kepler Certified False Positive Table},
  author={Bryson, Stephen T and Batalha, Natalie Marie and Colon, Knicole Dawn and Coughlin, Jeffrey Langer and Haas, Michael R and Henze, Chris and Huber, Daniel and Morton, Tim and Rowe, Jason Frank and Mullally, Susan Elizabeth and others},
  year={2017}
}
@article{johns2008xo,
  title={XO-3b: a massive planet in an eccentric orbit transiting an F5 V Star},
  author={Johns-Krull, Christopher M and McCullough, Peter R and Burke, Christopher J and Valenti, Jeff A and Janes, KA and Heasley, JN and Prato, L and Bissinger, R and Fleenor, M and Foote, CN and others},
  journal={The Astrophysical Journal},
  volume={677},
  number={1},
  pages={657},
  year={2008},
  publisher={IOP Publishing}
}
@inproceedings{mortara1981evaluations,
  title={Evaluations of charge-coupled device (CCD) performance for astronomical use},
  author={Mortara, L and Fowler, A},
  booktitle={Solid-State Imagers for Astronomy},
  volume={290},
  pages={28--33},
  year={1981},
  organization={International Society for Optics and Photonics}
}
@article{romanishin2006introduction,
  title={An Introduction to Astronomical Photometry Using CCDs},
  author={Romanishin, W},
  journal={University of Oklahoma},
  volume={17},
  year={2006}
}
@article{luisier2010image,
  title={Image denoising in mixed Poisson--Gaussian noise},
  author={Luisier, Florian and Blu, Thierry and Unser, Michael},
  journal={IEEE Transactions on image processing},
  volume={20},
  number={3},
  pages={696--708},
  year={2010},
  publisher={IEEE}
}
@article{pont2006effect,
  title={The effect of red noise on planetary transit detection},
  author={Pont, Fr{\'e}d{\'e}ric and Zucker, Shay and Queloz, Didier},
  journal={Monthly Notices of the Royal Astronomical Society},
  volume={373},
  number={1},
  pages={231--242},
  year={2006},
  publisher={Blackwell Publishing Ltd Oxford, UK}
}
@article{aigrain2009noise,
  title={Noise properties of the CoRoT data-A planet-finding perspective},
  author={Aigrain, Suzanne and Pont, F and Fressin, F and Alapini, Aude and Alonso, R and Auvergne, M and Barbieri, M and Barge, P and Bord{\'e}, P and Bouchy, F and others},
  journal={Astronomy \& Astrophysics},
  volume={506},
  number={1},
  pages={425--429},
  year={2009},
  publisher={EDP Sciences}
}
@article{cubillos2016correlated,
  title={On correlated-noise analyses applied to exoplanet light curves},
  author={Cubillos, Patricio and Harrington, Joseph and Loredo, Thomas J and Lust, Nate B and Blecic, Jasmina and Stemm, Madison},
  journal={arXiv preprint arXiv:1610.01336},
  year={2016}
}
@article{cooley1965algorithm,
  title={An algorithm for the machine calculation of complex Fourier series},
  author={Cooley, James W and Tukey, John W},
  journal={Mathematics of computation},
  volume={19},
  number={90},
  pages={297--301},
  year={1965},
  publisher={JSTOR}
}
@article{kosarev1983optimal,
  title={Optimal smoothing of'noisy'data by fast Fourier transform},
  author={Kosarev, EL and Pantos, E},
  journal={Journal of Physics E: Scientific Instruments},
  volume={16},
  number={6},
  pages={537},
  year={1983},
  publisher={IOP Publishing}
}
@article{berry2000astronomical,
  title={Astronomical Image Processing},
  author={Berry, Richard and Burnell, James},
  journal={Willman-Bell, Inc},
  year={2000}
}
@article{lim1990two,
  title={Two-dimensional signal and image processing},
  author={Lim, Jae S},
  journal={Englewood Cliffs, NJ, Prentice Hall, 1990, 710 p.},
  year={1990}
}
@article{brault1971analysis,
  title={The analysis and restoration of astronomical data via the fast Fourier transform},
  author={Brault, JW and White, OR},
  journal={Astronomy and Astrophysics},
  volume={13},
  pages={169},
  year={1971}
}
@article{shin1999iterative,
  title={Iterative SVD method for noise reduction of low-dimensional chaotic time series},
  author={Shin, K and Hammond, JK and White, PR},
  journal={Mechanical Systems and Signal Processing},
  volume={13},
  number={1},
  pages={115--124},
  year={1999},
  publisher={Academic Press}
}
@article{bailey2012principal,
  title={Principal component analysis with noisy and/or missing data},
  author={Bailey, Stephen},
  journal={Publications of the Astronomical Society of the Pacific},
  volume={124},
  number={919},
  pages={1015},
  year={2012},
  publisher={IOP Publishing}
}
@article{mcgurk2010principal,
  title={Principal component analysis of sloan digital sky survey stellar spectra},
  author={McGurk, Rosalie C and Kimball, Amy E and Ivezi{\'c}, {\v{Z}}eljko},
  journal={The Astronomical Journal},
  volume={139},
  number={3},
  pages={1261},
  year={2010},
  publisher={IOP Publishing}
}
@article{medeiros2018principal,
  title={Principal Component Analysis as a Tool for Characterizing Black Hole Images and Variability},
  author={Medeiros, Lia and Lauer, Tod R and Psaltis, Dimitrios and {\"O}zel, Feryal},
  journal={The Astrophysical Journal},
  volume={864},
  number={1},
  pages={7},
  year={2018},
  publisher={IOP Publishing}
}
@inproceedings{lehner2012transneptunian,
  title={The transneptunian automated occultation survey (TAOS II)},
  author={Lehner, Matthew J and Wang, Shiang-Yu and Alcock, Charles A and Cook, Kem H and Furesz, Gabor and Geary, John C and Hiriart, David and Ho, Paul T and Lee, William and Melsheimer, Frank and others},
  booktitle={Ground-based and Airborne Telescopes IV},
  volume={8444},
  pages={84440D},
  year={2012},
  organization={International Society for Optics and Photonics}
}
@article{torres2010hat,
  title={HAT-P-14b: A 2.2 MJ exoplanet transiting a bright F star},
  author={Torres, G and Bakos, GA and Hartman, J and Kov{\'a}cs, G{\'e}za and Noyes, RW and Latham, DW and Fischer, DA and Johnson, JA and Marcy, GW and Howard, AW and others},
  journal={The Astrophysical Journal},
  volume={715},
  number={1},
  pages={458},
  year={2010},
  publisher={IOP Publishing}
}
@article{kipping2011hat,
  title={HAT-P-31b, c: A transiting, eccentric, hot Jupiter and a long-period, massive third body},
  author={Kipping, David M and Hartman, Joel and Bakos, G{\'a}sp{\'a}r {\'A} and Torres, Guillermo and Latham, David W and Bayliss, Daniel and Kiss, L{\'a}szl{\'o} L and Sato, Bun'ei and B{\'e}ky, Bence and Kov{\'a}cs, G{\'e}za and others},
  journal={The Astronomical Journal},
  volume={142},
  number={3},
  pages={95},
  year={2011},
  publisher={IOP Publishing}
}
@article{bakos2012hat,
  title={HAT-P-34b-HAT-P-37b: Four transiting planets more massive than Jupiter orbiting moderately bright stars},
  author={Bakos, G{\'A} and Hartman, JD and Torres, G and B{\'e}ky, B and Latham, DW and Buchhave, Lars A and Csubry, Z and Kov{\'a}cs, G and Bieryla, A and Quinn, S and others},
  journal={The Astronomical Journal},
  volume={144},
  number={1},
  pages={19},
  year={2012},
  publisher={IOP Publishing}
}
@article{enoch2011wasp,
  title={WASP-35b, WASP-48b, and HAT-P-30b/WASP-51b: two new planets and an independent discovery of a HAT planet},
  author={Enoch, B and Anderson, DR and Barros, SCC and Brown, DJA and Cameron, A Collier and Faedi, F and Gillon, Micha{\"e}l and H{\'e}brard, G and Lister, TA and Queloz, D and others},
  journal={The Astronomical Journal},
  volume={142},
  number={3},
  pages={86},
  year={2011},
  publisher={IOP Publishing}
}
@article{hellier2015three,
  title={Three WASP-south transiting exoplanets: WASP-74b, WASP-83b, and WASP-89b},
  author={Hellier, Coel and Anderson, DR and Cameron, A Collier and Delrez, Laetitia and Gillon, Micha{\"e}l and Jehin, Emmanuel and Lendl, Monika and Maxted, PFL and Pepe, F and Pollacco, D and others},
  journal={The Astronomical Journal},
  volume={150},
  number={1},
  pages={18},
  year={2015},
  publisher={IOP Publishing}
}
@article{pollacco2008wasp,
  title={WASP-3b: a strongly irradiated transiting gas-giant planet},
  author={Pollacco, D and Skillen, I and Collier Cameron, A and Loeillet, B and Stempels, HC and Bouchy, F and Gibson, NP and Hebb, L and H{\'e}brard, G and Joshi, YC and others},
  journal={Monthly Notices of the Royal Astronomical Society},
  volume={385},
  number={3},
  pages={1576--1584},
  year={2008},
  publisher={Blackwell Publishing Ltd Oxford, UK}
}
@article{desert2011hot,
  title={The hot-Jupiter Kepler-17b: Discovery, obliquity from stroboscopic starspots, and atmospheric characterization},
  author={D{\'e}sert, Jean-Michel and Charbonneau, David and Demory, Brice-Olivier and Ballard, Sarah and Carter, Joshua A and Fortney, Jonathan J and Cochran, William D and Endl, Michael and Quinn, Samuel N and Isaacson, Howard T and others},
  journal={The Astrophysical Journal Supplement Series},
  volume={197},
  number={1},
  pages={14},
  year={2011},
  publisher={IOP Publishing}
}
@article{hartman2011hat,
  title={HAT-P-32b and HAT-P-33b: Two highly inflated hot Jupiters transiting high-jitter stars},
  author={Hartman, Joel D and Bakos, G{\'A} and Torres, G and Latham, David W and Kov{\'a}cs, G{\'e}za and B{\'e}ky, B and Quinn, SN and Mazeh, T and Shporer, A and Marcy, GW and others},
  journal={The Astrophysical Journal},
  volume={742},
  number={1},
  pages={59},
  year={2011},
  publisher={IOP Publishing}
}
@article{more1984minpack,
  title={The MINPACK project},
  author={Mor{\'e}, Jorge J and Sorensen, Danny C and Hillstrom, KE and Garbow, BS},
  journal={Sources and development of mathematical software},
  volume={25},
  pages={88--111},
  year={1984}
}
@article{kreidberg2015batman,
  title={batman: BAsic transit model cAlculatioN in Python},
  author={Kreidberg, Laura},
  journal={Publications of the Astronomical Society of the Pacific},
  volume={127},
  number={957},
  pages={1161},
  year={2015},
  publisher={IOP Publishing}
}
@article{sanchez2019apphi,
  title={APPHi: An automated photometry pipeline for high cadence, large volume data},
  author={S{\'a}nchez, E and Castro-Chac{\'o}n, JH and Silva, JS and Hern{\'a}ndez-{\'A}guila, JB and Reyes-Ruiz, M and Guerrero, CA and Hern{\'a}ndez-Valencia, B and Alvarez-Santana, FI and Garc{\'\i}a-D{\'\i}az, MT and others},
  journal={Astronomy and computing},
  volume={26},
  pages={1--13},
  year={2019},
  publisher={Elsevier}
}
@book{chong2004introduction,
  title={An introduction to optimization},
  author={Chong, Edwin KP and Zak, Stanislaw H},
  year={2004},
  publisher={John Wiley \& Sons}
}
@article{kluckers1996comparison,
  title={Comparison of shift-and-add and bispectrum image reconstruction methods for astronomy in the near infrared},
  author={Kl{\"u}ckers, VA and Wooder, NJ and Dainty, JC and Longmore, AJ},
  journal={JOSA A},
  volume={13},
  number={7},
  pages={1577--1583},
  year={1996},
  publisher={Optical Society of America}
}
@article{borucki2009kepler,
  title={Kepler’s optical phase curve of the exoplanet HAT-P-7b},
  author={Borucki, WJ and Koch, D and Jenkins, J and Sasselov, D and Gilliland, R and Batalha, N and Latham, DW and Caldwell, D and Basri, G and Brown, T and others},
  journal={Science},
  volume={325},
  number={5941},
  pages={709--709},
  year={2009},
  publisher={American Association for the Advancement of Science}
}
@article{thompson1983low,
  title={Low-pass filters to suppress inertial and tidal frequencies},
  author={Thompson, Rory ORY},
  journal={Journal of Physical Oceanography},
  volume={13},
  number={6},
  pages={1077--1083},
  year={1983}
}
@book{owen2007practical,
  title={Practical signal processing},
  author={Owen, Mark},
  year={2007},
  publisher={Cambridge university press}
}
@article{mahu2017estimation,
  title={Estimation of exoplanetary planet-to-star radius ratio with homomorphic processing},
  author={Mahu, Rodrigo and Rojo, Patricio and Firoozabadi, A Dehghan and Soto, Ismael and Sedaghati, Elyar and Yoma, N Becerra},
  journal={Astronomy and computing},
  volume={20},
  pages={160--167},
  year={2017},
  publisher={Elsevier}
}
@article{alapini2010transiting,
  title={Transiting exoplanets: characterisation in the presence of stellar activity},
  author={Alapini Odunlade, Aude Ekundayo Pauline},
  year={2010},
  publisher={University of Exeter}
}
@article{hippke2019optimized,
  title={Optimized transit detection algorithm to search for periodic transits of small planets},
  author={Hippke, Michael and Heller, Ren{\'e}},
  journal={Astronomy \& Astrophysics},
  volume={623},
  pages={A39},
  year={2019},
  publisher={EDP Sciences}
}
@article{kipping2016observational,
  title={Observational biases for transiting planets},
  author={Kipping, David M and Sandford, Emily},
  journal={Monthly Notices of the Royal Astronomical Society},
  volume={463},
  number={2},
  pages={1323--1331},
  year={2016},
  publisher={Oxford University Press}
}
@article{morton2012efficient,
  title={An efficient automated validation procedure for exoplanet transit candidates},
  author={Morton, Timothy D},
  journal={The Astrophysical Journal},
  volume={761},
  number={1},
  pages={6},
  year={2012},
  publisher={IOP Publishing}
}
@article{lehner2010taos,
  title={The TAOS project: statistical analysis of multi-telescope time series data},
  author={Lehner, MJ and Coehlo, NK and Zhang, Z-W and Bianco, FB and Wang, J-H and Rice, JA and Protopapas, P and Alcock, C and Axelrod, T and Byun, Y-I and others},
  journal={Publications of the Astronomical Society of the Pacific},
  volume={122},
  number={894},
  pages={959},
  year={2010},
  publisher={IOP Publishing}
}
@article{chromey1996special,
  title={Special Considerations for Flat Fielding},
  author={Chromey, Frederick},
  journal={CCD Astronomy},
  pages={18--23},
  year={1996}
}
@article{guerrero2020effects,
  title={Effects of Atmospheric Turbulence on High Cadence Observations of Stellar Occultations},
  author={Guerrero, CA and Hern{\'a}ndez-{\'A}guila, JB and Castro-Chac{\'o}n, JH and Hern{\'a}ndez-Valencia, B and S{\'a}nchez, E and Reyes-Ruiz, M and Silva, JS and {\'A}lvarez-Santana, FI},
  journal={Publications of the Astronomical Society of the Pacific},
  volume={132},
  number={1012},
  pages={064501},
  year={2020},
  publisher={IOP Publishing}
}
@incollection{golub1971singular,
  title={Singular value decomposition and least squares solutions},
  author={Golub, Gene H and Reinsch, Christian},
  booktitle={Linear Algebra},
  pages={134--151},
  year={1971},
  publisher={Springer}
}